<?xml version="1.0" encoding="UTF-8"?><record xmlns="http://www.loc.gov/MARC21/slim" xmlns:cinclude="http://apache.org/cocoon/include/1.0" xmlns:zs="http://www.loc.gov/zing/srw/">
  <leader>00604nz  a2200157n  4500</leader>
  <controlfield tag="001">no 97060641 </controlfield>
  <controlfield tag="003">DLC</controlfield>
  <controlfield tag="005">19971017053117.8</controlfield>
  <controlfield tag="008">971016n| acannaab|          |a aaa     c</controlfield>
  <datafield tag="010" ind1=" " ind2=" ">
    <subfield code="a">no 97060641 </subfield>
  </datafield>
  <datafield tag="035" ind1=" " ind2=" ">
    <subfield code="a">(OCoLC)oca04473235 </subfield>
  </datafield>
  <datafield tag="040" ind1=" " ind2=" ">
    <subfield code="a">ICU</subfield>
    <subfield code="c">ICU</subfield>
  </datafield>
  <datafield tag="100" ind1="1" ind2="0">
    <subfield code="a">Slevogt, Johann Adrian,</subfield>
    <subfield code="d">1653-1726</subfield>
  </datafield>
  <datafield tag="400" ind1="1" ind2="0">
    <subfield code="a">Slevogtius, Jo. Hadrianus,</subfield>
    <subfield code="d">1653-1726</subfield>
  </datafield>
  <datafield tag="670" ind1=" " ind2=" ">
    <subfield code="a">JoĚcher, C.G. Allgemeines Gelehrten-Lexicon, 1750:</subfield>
    <subfield code="b">v. 3 (Slevogt, Johann Adrian, 1653-1726)</subfield>
  </datafield>
  <datafield tag="670" ind1=" " ind2=" ">
    <subfield code="a">Treiber, J.P. Dissertatio de eo quod vulgo dicitur Wie man isset, so arbeitet man auch, 1747:</subfield>
    <subfield code="b">t.p. (prĂŚside Jo. Hadriano Slevogtio)</subfield>
  </datafield>
</record>